@misc{kingma2017adammethodstochasticoptimization,
    title={Adam: A Method for Stochastic Optimization},
    author={Diederik P. Kingma and Jimmy Ba},
    year={2017},
    eprint={1412.6980},
    archivePrefix={arXiv},
    primaryClass={cs.LG},
    url={https://arxiv.org/abs/1412.6980},
}

@misc{mukherjee2022annotated,
    author = {Mukherjee, Suvaditya},
    title = {The Annotated ResNet-50},
    year = {2022},
    month = {August},
    url = {https://medium.com/towards-data-science/the-annotated-resnet-50-a6c536034758},
    note = {Accessed: 2025-02-27}
}